@book{传热学,
  title={传热学(第六版)},
  author={章熙民 and 朱彤安 and 青松},
  year={2014},
  pages={101--140,200-252},
  publisher ={中国建筑工业出版社}
}
@book{数学模型,
	
	author ={姜启源,谢金星,叶俊},
	year={2018},
	title={数学模型(第五版)},
	publisher ={高等教育出版社}
	
}
@article{刘喜富1994基因工程抗体研究进展,
  title={基因工程抗体研究进展},
  author={刘喜富 and 黄华梁},
  journal={中国生物工程杂志},
  volume={14},
  number={1},
  pages={54--58},
  year={1994}
}
@phdthesis{王任远2013散热器空气侧百叶窗翅片结构参数优化,
	title={散热器空气侧百叶窗翅片结构参数优化},
	author={王任远 and 李建雄 and 吴金星},
	year={2013}
}









